@book{Panwar:2004:TCP-IP-Essentials,
 author = {Panwar, Shivendra S. and Mao, Shiwen and Ryoo, Jeong-dong and Li, Yihan},
 title = {TCP/IP Essentials: A Lab-Based Approach},
 DOI={10.1017/CBO9781139167246},
 year = {2004},
 isbn = {0521841445, 9780521841443},
 publisher = {Cambridge University Press},
 address = {New York, NY, USA},
 url = {https://www.cambridge.org/core/books/tcpip-essentials/BF444CB283E9191B3A7BAD6E85EA8710}
}